<?xml version="1.0" encoding="utf-8"?>
<record xmlns="http://www.loc.gov/MARC21/slim" xmlns:xsi="http://www.w3.org/2001/XMLSchema-instance" xsi:schemaLocation="http://www.loc.gov/MARC21/slim http://www.loc.gov/standards/marcxml/schema/MARC21slim.xsd">
	<leader>     nam a22     Mi 4500</leader>
	<controlfield tag="001">b12600386</controlfield>
	<controlfield tag="003">UaCaAUL</controlfield>
	<controlfield tag="006">m        d        </controlfield>
	<controlfield tag="007">cr cn |||m|||a</controlfield>
	<controlfield tag="008">200505s1905    ua      o     000 0cara d</controlfield>
	<datafield ind1=" " ind2=" " tag="040">
		<subfield code="a">ZYU</subfield>
		<subfield code="b">ara</subfield>
		<subfield code="e">rda</subfield>
		<subfield code="c">ZYU</subfield>
	</datafield>
	<datafield ind1=" " ind2=" " tag="066">
		<subfield code="c">(3</subfield>
	</datafield>
	<datafield ind1=" " ind2=" " tag="043">
		<subfield code="a">ma-----</subfield>
	</datafield>
	<datafield ind1=" " ind2="4" tag="050">
		<subfield code="a">PJ7745.S5</subfield>
		<subfield code="b">M82x 1905</subfield>
	</datafield>
	<datafield ind1="1" ind2=" " tag="100">
		<subfield code="6">880-01</subfield>
		<subfield code="a">Sijistānī, Abū Ḥātim Sahl ibn Muḥammad,</subfield>
		<subfield code="d">-869.</subfield>
	</datafield>
	<datafield ind1="1" ind2="0" tag="245">
		<subfield code="6">880-02</subfield>
		<subfield code="a">Kitāb al-muʻammirīn min al-ʻArab wa-ṭuraf min akhbārihim wa-mā qālūh fī muntahá aʻmārihim /</subfield>
		<subfield code="c">taʼlīf al-imām Abī Ḥātim Sahl ibn Muḥammad ibn ʻUthmān al-Sijistānī al-Baṣrī, al-mutawaffá sanat 235 Hijrīyah ; riwāyat Abī Rūq al-Hamadānī ʻanhu, raḥmat Allāh ʻalayhimā ; ʻuniya bi-taṣḥīḥihi wa-taʻlīq ḥawāshīhi maʻa mā uḍīfa ilayhi min al-ziyādāt al-sayyid Muḥammad Amīn al-Khānjī al-Kutubī bi-qirāʼatihi ʻalá al-ustādh al-lughawī al-adīb al-shaykh Aḥmad ibn al-Amīn al-Shinqiṭī, nazīl al-Qāhirah.</subfield>
	</datafield>
	<datafield ind1=" " ind2="1" tag="264">
		<subfield code="6">880-03</subfield>
		<subfield code="a">Miṣr :</subfield>
		<subfield code="b">ṭubiʻ bi-Maṭbaʻat al-Saʻādah bi-jiwār Muḥāfaẓat Miṣr,</subfield>
		<subfield code="c">1323 H, 1905 M.</subfield>
	</datafield>
	<datafield ind1=" " ind2=" " tag="300">
		<subfield code="a">online resource (90, 5 pages)</subfield>
	</datafield>
	<datafield ind1=" " ind2=" " tag="336">
		<subfield code="a">text</subfield>
		<subfield code="2">rdacontent</subfield>
	</datafield>
	<datafield ind1=" " ind2=" " tag="337">
		<subfield code="a">computer</subfield>
		<subfield code="2">rdamedia</subfield>
	</datafield>
	<datafield ind1=" " ind2=" " tag="338">
		<subfield code="a">online resource</subfield>
		<subfield code="2">rdacarrier</subfield>
	</datafield>
	<datafield ind1=" " ind2=" " tag="500">
		<subfield code="6">880-04</subfield>
		<subfield code="a">Fāʼidah: Lā taʻidda al-ʻArab muʻammiran ilā man ʻāsha māʼitin wa-ʻishrīn fa-mā fawqahā .. wa-qīla māʼit sanah wa-ʻishrīn sanah fa-ṣāʻidan.</subfield>
	</datafield>
	<datafield ind1=" " ind2=" " tag="500">
		<subfield code="6">880-05</subfield>
		<subfield code="a">Ṭubiʻa ʻalá nafaqat Aḥmad Nājī al-Jammālī wa-Muḥammad Amīn al-Khānjī wa-Akhīh.</subfield>
	</datafield>
	<datafield ind1=" " ind2=" " tag="500">
		<subfield code="a">Decorated title page.</subfield>
	</datafield>
	<datafield ind1=" " ind2=" " tag="500">
		<subfield code="a">Part of the Arabic Collections Online (ACO) project, contributed by American University in Cairo Library.</subfield>
	</datafield>
	<datafield ind1=" " ind2=" " tag="533">
		<subfield code="a">Electronic reproduction.</subfield>
		<subfield code="b">New York, N.Y. :</subfield>
		<subfield code="c">New York University,</subfield>
		<subfield code="d">2020.</subfield>
		<subfield code="5">NNU</subfield>
	</datafield>
	<datafield ind1=" " ind2="0" tag="650">
		<subfield code="a">Older people</subfield>
		<subfield code="z">Arab countries</subfield>
		<subfield code="v">Biography.</subfield>
	</datafield>
	<datafield ind1=" " ind2="0" tag="650">
		<subfield code="a">Longevity.</subfield>
	</datafield>
	<datafield ind1=" " ind2="7" tag="650">
		<subfield code="a">Longevity.</subfield>
		<subfield code="2">fast</subfield>
		<subfield code="0">(OCoLC)fst01002373</subfield>
	</datafield>
	<datafield ind1=" " ind2="7" tag="650">
		<subfield code="a">Older people.</subfield>
		<subfield code="2">fast</subfield>
		<subfield code="0">(OCoLC)fst01199093</subfield>
	</datafield>
	<datafield ind1=" " ind2="7" tag="651">
		<subfield code="a">Arab countries.</subfield>
		<subfield code="2">fast</subfield>
		<subfield code="0">(OCoLC)fst01240128</subfield>
	</datafield>
	<datafield ind1=" " ind2="7" tag="655">
		<subfield code="a">Biographies.</subfield>
		<subfield code="2">fast</subfield>
		<subfield code="0">(OCoLC)fst01919896</subfield>
	</datafield>
	<datafield ind1="1" ind2=" " tag="700">
		<subfield code="6">880-06</subfield>
		<subfield code="a">Khānjī, Muḥammad Amīn,</subfield>
		<subfield code="d">1865 or 1866-1939 or 1940.</subfield>
	</datafield>
	<datafield ind1="2" ind2=" " tag="710">
		<subfield code="a">American University in Cairo.</subfield>
		<subfield code="b">Library.</subfield>
	</datafield>
	<datafield ind1="0" ind2=" " tag="730">
		<subfield code="a">Arabic Collections Online.</subfield>
	</datafield>
	<datafield ind1="0" ind2="8" tag="776">
		<subfield code="i">Print version:</subfield>
		<subfield code="a">Sijistānī, Abū Ḥātim Sahl ibn Muḥammad, -869.</subfield>
		<subfield code="t">Kitāb al-muʻammirīn min al-ʻArab wa-ṭuraf min akhbārihim wa-mā qālūh fī muntahá aʻmārihim</subfield>
		<subfield code="w">(UaCaAUL)b12600386</subfield>
		<subfield code="w">(OCoLC)1004393413</subfield>
	</datafield>
	<datafield ind1="4" ind2="0" tag="856">
		<subfield code="u">http://hdl.handle.net/2333.1/kwh712s1</subfield>
	</datafield>
	<datafield ind1="1" ind2=" " tag="880">
		<subfield code="6">100-01</subfield>
		<subfield code="a">سجستاني، أبو حاتم سهل بن محمد،,</subfield>
		<subfield code="d">-869.</subfield>
	</datafield>
	<datafield ind1="1" ind2="0" tag="880">
		<subfield code="6">245-02</subfield>
		<subfield code="a">كتاب المعمرين من العرب وطرف من أخبارهم وما قالوه في منتهى أعمارهم /</subfield>
		<subfield code="c">تأليف الامام أبي حاتم سهل بن محمد بن عثمان السجستاني البصري، المتوفى سنة 235 هجرية ؛ رواية أبي روق الهمداني عنه، رحمة الله عليهما ؛ عني بتصحيحه وتعليق حواشيه مع ما أضيف اليه من الزيادات السيد محمد أمين الخانجي الكتبي بقراءته على الأستاذ اللغوي الأديب الشيخ أحمد بن الأمين الشنقطي، نزيل القاهرة.</subfield>
	</datafield>
	<datafield ind1=" " ind2="1" tag="880">
		<subfield code="6">264-03</subfield>
		<subfield code="a">مصر :</subfield>
		<subfield code="b">طبع بمطبعة السعادة بجوار محافظة مصر،</subfield>
		<subfield code="c">1323 ه، 1905 م.</subfield>
	</datafield>
	<datafield ind1=" " ind2=" " tag="880">
		<subfield code="6">500-04</subfield>
		<subfield code="a">فائده: لا تعد العرب معمرا إلا من عاش مائة وعشرين فما فوقها .. وقيل مائة سنة وعشرين سنة فصاعدا.</subfield>
	</datafield>
	<datafield ind1=" " ind2=" " tag="880">
		<subfield code="6">500-05</subfield>
		<subfield code="a">طبع على نفقة أحمد ناجي الجمالي ومحمد أمين الخانجي وأخيه.</subfield>
	</datafield>
	<datafield ind1="1" ind2=" " tag="880">
		<subfield code="6">700-06</subfield>
		<subfield code="a">خانجي، محمد أمين،</subfield>
		<subfield code="d">1865 or 1866-1939 or 1940.</subfield>
	</datafield>
	<datafield ind1=" " ind2=" " tag="959">
		<subfield code="a">NNU</subfield>
		<subfield code="b">WEB</subfield>
		<subfield code="c">GENI</subfield>
		<subfield code="t">0</subfield>
		<subfield code="m">Electronic access</subfield>
		<subfield code="s">01</subfield>
	</datafield>
	<datafield ind1=" " ind2=" " tag="999">
		<subfield code="i">UaCaAUL_b12600386</subfield>
		<subfield code="o">(OCoLC)on1004393413</subfield>
		<subfield code="s">auc_aco001090:</subfield>
	</datafield>
</record>
